@article{Pedregosa2011,
    author = {Pedregosa, Fabian and Varoquaux, Ga{\"{e}}l and Gramfort, Alexandre and Michel, Vincent and Thirion, Bertrand and Grisel, Olivier and Blondel, Mathieu and Prettenhofer, Peter and Weiss, Ron and Dubourg, Vincent and Vanderplas, Jake and Passos, Alexandre and Cournapeau, David and Brucher, Matthieu and Perrot, Matthieu and Duchesnay, {\'{E}}douard},
    issn = {ISSN 1533-7928},
    journal = {Journal of Machine Learning Research},
    number = {Oct},
    pages = {2825--2830},
    title = {{Scikit-learn: Machine Learning in Python}},
    url = {http://jmlr.csail.mit.edu/papers/v12/pedregosa11a.html},
    volume = {12},
    year = {2011}
}

@article{JMLR:v18:16-365,
	author  = {Guillaume  Lema{{\^i}}tre and Fernando Nogueira and Christos K. Aridas},
	title   = {Imbalanced-learn: A Python Toolbox to Tackle the Curse of Imbalanced Datasets in Machine Learning},
	journal = {Journal of Machine Learning Research},
	year    = {2017},
	volume  = {18},
	number  = {17},
	pages   = {1-5},
	url     = {http://jmlr.org/papers/v18/16-365.html}
}
