@article{Pedregosa2011,
    author = {Pedregosa, Fabian and Varoquaux, Ga{\"{e}}l and Gramfort, Alexandre and Michel, Vincent and Thirion, Bertrand and Grisel, Olivier and Blondel, Mathieu and Prettenhofer, Peter and Weiss, Ron and Dubourg, Vincent and Vanderplas, Jake and Passos, Alexandre and Cournapeau, David and Brucher, Matthieu and Perrot, Matthieu and Duchesnay, {\'{E}}douard},
    issn = {ISSN 1533-7928},
    journal = {Journal of Machine Learning Research},
    number = {Oct},
    pages = {2825--2830},
    title = {{Scikit-learn: Machine Learning in Python}},
    url = {http://jmlr.csail.mit.edu/papers/v12/pedregosa11a.html},
    volume = {12},
    year = {2011}
}

@inproceedings{Rehurek2010,
   title = {{Software Framework for Topic Modelling with Large Corpora}},
   author = {Radim {\v R}eh{\r u}{\v r}ek and Petr Sojka},
   booktitle = {{Proceedings of the LREC 2010 Workshop on New
        Challenges for NLP Frameworks}},
   pages = {45--50},
   year = 2010,
   month = May,
   day = 22,
   publisher = {ELRA},
   address = {Valletta, Malta},
   note={\url{http://is.muni.cz/publication/884893/en}},
   language={English}
}

@article{Mcinnes2018,
  title={UMAP: Uniform Manifold Approximation and Projection},
  author={McInnes, Leland and Healy, John and Saul, Nathaniel and Grossberger, Lukas},
  journal={The Journal of Open Source Software},
  volume={3},
  number={29},
  pages={861},
  year={2018}
}

@inproceedings{Hagberg2008,
  address = {Pasadena, CA USA},
  author = {Hagberg, Aric A and Schult, Daniel A and Swart, Pieter J},
  booktitle = {Proceedings of the 7th Python in Science Conference},
  editor = {Varoquaux, Ga{\"{e}}l and Vaught, Travis and Millman, Jarrod},
  pages = {11--15},
  title = {{Exploring Network Structure, Dynamics, and Function using NetworkX}},
  year = {2008}
}

@inproceedings{Bastian2009,
  title={Gephi: an open source software for exploring and manipulating networks},
  author={Bastian, Mathieu and Heymann, Sebastien and Jacomy, Mathieu},
  booktitle={Proceedings of the International AAAI Conference on Web and Social Media},
  volume={3},
  number={1},
  year={2009},
  url = {http://www.aaai.org/ocs/index.php/ICWSM/09/paper/view/154}
}

@article{Paskin1999,  
    author={Paskin, N.},  
    journal={Proceedings of the IEEE},   
    title={Toward unique identifiers},   
    year={1999},  
    volume={87},  
    number={7},  
    pages={1208-1227},  
    keywords={},  
    doi={10.1109/5.771073},  
    ISSN={1558-2256},  
    month={July}
}

@article{Clauset2004,
  title = {Finding community structure in very large networks},
  author = {Clauset, Aaron and Newman, M. E. J. and Moore, Cristopher},
  journal = {Phys. Rev. E},
  volume = {70},
  issue = {6},
  pages = {066111},
  numpages = {6},
  year = {2004},
  month = {Dec},
  publisher = {American Physical Society},
  doi = {10.1103/PhysRevE.70.066111},
  url = {https://link.aps.org/doi/10.1103/PhysRevE.70.066111}
}

@article{Pritchard2000,
  author = {Pritchard, Jonathan K and Stephens, Matthew and Donnelly, Peter},
  doi = {10.1093/genetics/155.2.945},
  file = {::},
  issn = {00166731},
  journal = {Genetics},
  number = {2},
  pages = {945--959},
  pmid = {10835412},
  title = {{Inference of population structure using multilocus genotype data}},
  url = {http://www.stats.ox.ac.uk/pritch/home.html.},
  volume = {155},
  year = {2000}
}

@inproceedings{Le2014,
  archivePrefix = {arXiv},
  author = {Le, Quoc and Mikolov, Tomas},
  booktitle = {31st International Conference on Machine Learning, ICML 2014},
  eprint = {1405.4053},
  file = {::},
  isbn = {9781634393973},
  month = {may},
  pages = {2931--2939},
  publisher = {International Machine Learning Society (IMLS)},
  title = {{Distributed representations of sentences and documents}},
  url = {http://arxiv.org/abs/1405.4053},
  volume = {4},
  year = {2014}
}

@inproceedings{Redmon2015,
  archivePrefix = {arXiv},
  author = {Redmon, Joseph and Divvala, Santosh and Girshick, Ross and Farhadi, Ali},
  booktitle = {Proceedings of the IEEE Computer Society Conference on Computer Vision and Pattern Recognition},
  doi = {10.1109/CVPR.2016.91},
  eprint = {1506.02640},
  file = {::},
  isbn = {9781467388504},
  issn = {10636919},
  month = {jun},
  pages = {779--788},
  publisher = {IEEE Computer Society},
  title = {{You only look once: Unified, real-time object detection}},
  url = {http://arxiv.org/abs/1506.02640},
  volume = {2016-Decem},
  year = {2016}
}

@article{Shorten2019,
  author = {Shorten, Connor and Khoshgoftaar, Taghi M.},
  doi = {10.1186/s40537-019-0197-0},
  issn = {21961115},
  journal = {Journal of Big Data},
  keywords = {Big data,Data Augmentation,Deep Learning,GANs,Image data},
  month = {dec},
  number = {1},
  pages = {1--48},
  publisher = {SpringerOpen},
  title = {{A survey on Image Data Augmentation for Deep Learning}},
  url = {https://doi.org/10.1186/s40537-019-0197-0},
  volume = {6},
  year = {2019}
}

@inproceedings{Cicalese2020,
  archivePrefix = {arXiv},
  author = {Cicalese, Pietro Antonio and Mobiny, Aryan and Yuan, Pengyu and Becker, Jan and Mohan, Chandra and Nguyen, Hien Van},
  booktitle = {Lecture Notes in Computer Science (including subseries Lecture Notes in Artificial Intelligence and Lecture Notes in Bioinformatics)},
  doi = {10.1007/978-3-030-59722-1_34},
  eprint = {2007.05008},
  isbn = {9783030597214},
  issn = {16113349},
  keywords = {CNN classifier,Data augmentation,Inter-observer agreement,Pathology,Style-transfer},
  month = {oct},
  pages = {351--361},
  publisher = {Springer Science and Business Media Deutschland GmbH},
  title = {{StyPath: Style-Transfer Data Augmentation for Robust Histology Image Classification}},
  url = {https://doi.org/10.1007/978-3-030-59722-1_34},
  volume = {12265 LNCS},
  year = {2020}
}

@misc{Zhong2017,
  archivePrefix = {arXiv},
  author = {Zhong, Zhun and Zheng, Liang and Kang, Guoliang and Li, Shaozi and Yang, Yi},
  booktitle = {arXiv},
  doi = {10.1609/aaai.v34i07.7000},
  eprint = {1708.04896},
  issn = {23318422},
  month = {aug},
  publisher = {arXiv},
  title = {{Random erasing data augmentation}},
  url = {https://github.},
  year = {2017}
}

@inproceedings{Meier2011,
  author = {Meier, Ueli and Cire≈üan, Dan Claudiu and Gambardella, Luca Maria and Schmidhuber, J{\"{u}}rgen},
  booktitle = {Proceedings of the International Conference on Document Analysis and Recognition, ICDAR},
  doi = {10.1109/ICDAR.2011.252},
  isbn = {9780769545202},
  issn = {15205363},
  keywords = {Committee,Handwritten Digits Recognition,MNIST,Neural Networks},
  pages = {1250--1254},
  title = {{Better digit recognition with a committee of simple neural nets}},
  year = {2011}
}

@article{Ciresan2011,
  title={Handwritten digit recognition with a committee of deep neural nets on gpus},
  author={Cire{\c{s}}an, Dan C and Meier, Ueli and Gambardella, Luca M and Schmidhuber, J{\"u}rgen},
  journal={arXiv preprint arXiv:1103.4487},
  year={2011}
}

@inproceedings{Tolstikhin2021,
  title={Mlp-mixer: An all-mlp architecture for vision},
  author={Tolstikhin, Ilya and Houlsby, Neil and Kolesnikov, Alexander and Beyer, Lucas and Zhai, Xiaohua and Unterthiner, Thomas and Yung, Jessica and Steiner, Andreas Peter and Keysers, Daniel and Uszkoreit, Jakob and others},
  booktitle={Thirty-Fifth Conference on Neural Information Processing Systems},
  year={2021}
}

@article{Touvron2021,
  title={ResMLP: Feedforward networks for image classification with data-efficient training},
  author={Touvron, Hugo and Bojanowski, Piotr and Caron, Mathilde and Cord, Matthieu and El-Nouby, Alaaeldin and Grave, Edouard and Izacard, Gautier and Joulin, Armand and Synnaeve, Gabriel and Verbeek, Jakob and others},
  journal={arXiv preprint arXiv:2105.03404},
  year={2021}
}

@article{Liu2021,
  title={Pay Attention to MLPs},
  author={Liu, Hanxiao and Dai, Zihang and So, David R and Le, Quoc V},
  journal={arXiv preprint arXiv:2105.08050},
  year={2021}
}

@article{Su2020,
  author = {Su, Tengfei and Zhang, Shengwei and Liu, Tingxi},
  doi = {10.3390/rs12030504},
  issn = {20724292},
  journal = {Remote Sensing},
  keywords = {Active learning,Feature category,Object-based image analysis,Random forest},
  month = {feb},
  number = {3},
  pages = {504},
  publisher = {MDPI AG},
  title = {{Multi-spectral image classification based on an object-based active learning approach}},
  url = {https://www.mdpi.com/2072-4292/12/3/504},
  volume = {12},
  year = {2020}
}

@article{Fenza2021,
  author = {Fenza, Giuseppe and Gallo, Mariacristina and Loia, Vincenzo and Orciuoli, Francesco and Herrera-Viedma, Enrique},
  doi = {10.1016/j.asoc.2021.107366},
  issn = {15684946},
  journal = {Applied Soft Computing},
  keywords = {Consistency,Data set quality,Group Decision Making,Learning to Rank,Training data consistency},
  month = {jul},
  pages = {107366},
  publisher = {Elsevier Ltd},
  title = {{Data set quality in Machine Learning: Consistency measure based on Group Decision Making}},
  volume = {106},
  year = {2021}
}

@article{Salman2019,
  title={Overfitting mechanism and avoidance in deep neural networks},
  author={Salman, Shaeke and Liu, Xiuwen},
  journal={arXiv preprint arXiv:1901.06566},
  year={2019}
}

@article{Hu2020,
  title={Model Generalization in Deep Learning Applications for Land Cover Mapping},
  author={Hu, Lucas and Robinson, Caleb and Dilkina, Bistra},
  journal={arXiv preprint arXiv:2008.10351},
  year={2020}
}

@inproceedings{Li2019,
  title={Research on overfitting of deep learning},
  author={Li, Haidong and Li, Jiongcheng and Guan, Xiaoming and Liang, Binghao and Lai, Yuting and Luo, Xinglong},
  booktitle={2019 15th International Conference on Computational Intelligence and Security (CIS)},
  pages={78--81},
  year={2019},
  organization={IEEE}
}

@misc{Melaskyriazi2021,
  title={Do You Even Need Attention? A Stack of Feed-Forward Layers Does Surprisingly Well on ImageNet}, 
  author={Luke Melas-Kyriazi},
  year={2021},
  eprint={2105.02723},
  archivePrefix={arXiv},
  primaryClass={cs.CV}
}

@article{Zhang2021,
  archivePrefix = {arXiv},
  arxivId = {1611.03530},
  author = {Zhang, Chiyuan and Bengio, Samy and Hardt, Moritz and Recht, Benjamin and Vinyals, Oriol},
  doi = {10.1145/3446776},
  eprint = {1611.03530},
  issn = {15577317},
  journal = {Communications of the ACM},
  month = {feb},
  number = {3},
  pages = {107--115},
  publisher = {ACM PUB27 New York, NY, USA},
  title = {{Understanding deep learning (still) requires rethinking generalization}},
  url = {https://dl.acm.org/doi/abs/10.1145/3446776},
  volume = {64},
  year = {2021}
}

@article{Ratner2017,
  title={Learning to compose domain-specific transformations for data augmentation},
  author={Ratner, Alexander J and Ehrenberg, Henry R and Hussain, Zeshan and Dunnmon, Jared and R{\'e}, Christopher},
  journal={Advances in neural information processing systems},
  volume={30},
  pages={3239},
  year={2017},
  publisher={NIH Public Access}
}

@article{Chawla2002,
  archivePrefix = {arXiv},
  author = {Chawla, Nitesh V. and Bowyer, Kevin W. and Hall, Lawrence O. and Kegelmeyer, W. Philip},
  doi = {10.1613/jair.953},
  eprint = {1106.1813},
  issn = {10769757},
  journal = {Journal of Artificial Intelligence Research},
  month = {jun},
  pages = {321--357},
  title = {{SMOTE: Synthetic minority over-sampling technique}},
  url = {https://jair.org/index.php/jair/article/view/10302},
  volume = {16},
  year = {2002}
}

@article{Esser2020,
  archivePrefix = {arXiv},
  author = {Esser, Patrick and Rombach, Robin and Ommer, Bj{\"{o}}rn},
  eprint = {2012.09841},
  month = {dec},
  title = {{Taming Transformers for High-Resolution Image Synthesis}},
  url = {https://arxiv.org/abs/2012.09841v3},
  year = {2020}
}

@article{Radford2021,
  archivePrefix = {arXiv},
  author = {Radford, Alec and Kim, Jong Wook and Hallacy, Chris and Ramesh, Aditya and Goh, Gabriel and Agarwal, Sandhini and Sastry, Girish and Askell, Amanda and Mishkin, Pamela and Clark, Jack and Krueger, Gretchen and Sutskever, Ilya},
  eprint = {2103.00020},
  journal = {arXiv},
  month = {feb},
  title = {{Learning Transferable Visual Models From Natural Language Supervision}},
  url = {https://arxiv.org/abs/2103.00020v1 http://arxiv.org/abs/2103.00020},
  year = {2021}
}

@article{Wen2020,
  title={Time series data augmentation for deep learning: A survey},
  author={Wen, Qingsong and Sun, Liang and Yang, Fan and Song, Xiaomin and Gao, Jingkun and Wang, Xue and Xu, Huan},
  journal={arXiv preprint arXiv:2002.12478},
  year={2020}
}

@inproceedings{DeVries2017,
  archivePrefix = {arXiv},
  arxivId = {1702.05538},
  author = {DeVries, Terrance and Taylor, Graham W.},
  booktitle = {5th International Conference on Learning Representations, ICLR 2017 - Workshop Track Proceedings},
  eprint = {1702.05538},
  month = {feb},
  publisher = {International Conference on Learning Representations, ICLR},
  title = {{Dataset augmentation in feature space}},
  url = {https://arxiv.org/abs/1702.05538v1},
  year = {2017}
}

@inproceedings{Wong2016,
  archivePrefix = {arXiv},
  arxivId = {1609.08764},
  author = {Wong, Sebastien C. and Gatt, Adam and Stamatescu, Victor and McDonnell, Mark D.},
  booktitle = {2016 International Conference on Digital Image Computing: Techniques and Applications, DICTA 2016},
  doi = {10.1109/DICTA.2016.7797091},
  eprint = {1609.08764},
  isbn = {9781509028962},
  keywords = {()},
  month = {sep},
  publisher = {Institute of Electrical and Electronics Engineers Inc.},
  title = {{Understanding Data Augmentation for Classification: When to Warp?}},
  url = {https://arxiv.org/abs/1609.08764v2},
  year = {2016}
}

@article{Iwana2021,
  title={An empirical survey of data augmentation for time series classification with neural networks},
  author={Iwana, Brian Kenji and Uchida, Seiichi},
  journal={Plos one},
  volume={16},
  number={7},
  pages={e0254841},
  year={2021},
  publisher={Public Library of Science San Francisco, CA USA}
}

@article{Wang2017,
  title={The effectiveness of data augmentation in image classification using deep learning},
  author={Wang, Jason and Perez, Luis and others},
  journal={Convolutional Neural Networks Vis. Recognit},
  volume={11},
  pages={1--8},
  year={2017}
}

@inproceedings{Zhu2017,
  archivePrefix = {arXiv},
  arxivId = {1703.10593},
  author = {Zhu, Jun Yan and Park, Taesung and Isola, Phillip and Efros, Alexei A.},
  booktitle = {Proceedings of the IEEE International Conference on Computer Vision},
  doi = {10.1109/ICCV.2017.244},
  eprint = {1703.10593},
  isbn = {9781538610329},
  issn = {15505499},
  month = {mar},
  pages = {2242--2251},
  publisher = {Institute of Electrical and Electronics Engineers Inc.},
  title = {{Unpaired Image-to-Image Translation Using Cycle-Consistent Adversarial Networks}},
  url = {https://arxiv.org/abs/1703.10593v7},
  volume = {2017-Octob},
  year = {2017}
}

@article{Chawla2004,
  author = {Chawla, Nitesh V. and Japkowicz, Nathalie and Kotcz, Aleksander},
  doi = {10.1145/1007730.1007733},
  issn = {1931-0145},
  journal = {ACM SIGKDD Explorations Newsletter},
  month = {jun},
  number = {1},
  pages = {1--6},
  publisher = {ACM},
  title = {{Editorial: Special Issue on Learning from Imbalanced Data Sets}},
  url = {http://portal.acm.org/citation.cfm?doid=1007730.1007733},
  volume = {6},
  year = {2004}
}

@article{Fonseca2021,
  author = {Fonseca, Joao and Douzas, Georgios and Bacao, Fernando},
  doi = {10.3390/info12070266},
  issn = {20782489},
  journal = {Information (Switzerland)},
  keywords = {Clustering,Data augmentation,Imbalanced learning,LULC classification,Oversampling},
  month = {jun},
  number = {7},
  pages = {266},
  publisher = {Multidisciplinary Digital Publishing Institute},
  title = {{Improving Imbalanced Land Cover Classification With K-Means SMOTE: Detecting and Oversampling Distinctive Minority Spectral Signatures}},
  url = {https://www.mdpi.com/2078-2489/12/7/266/htm https://www.mdpi.com/2078-2489/12/7/266},
  volume = {12},
  year = {2021}
}

@article{Kaur2019,
  author = {Kaur, Harsurinder and Pannu, Husanbir Singh and Malhi, Avleen Kaur},
  doi = {10.1145/3343440},
  issn = {15577341},
  journal = {ACM Computing Surveys},
  keywords = {Data analysis,Data imbalance,Machine learning,Sampling},
  month = {aug},
  number = {4},
  pages = {1--36},
  publisher = {Association for Computing Machinery},
  title = {{A systematic review on imbalanced data challenges in machine learning: Applications and solutions}},
  url = {http://dl.acm.org/citation.cfm?doid=3359984.3343440},
  volume = {52},
  year = {2019}
}

@article{Han2005,
  author = {Han, Hui and Wang, Wen Yuan and Mao, Bing Huan},
  doi = {10.1007/11538059_91},
  issn = {03029743},
  journal = {Lecture Notes in Computer Science},
  number = {PART I},
  pages = {878--887},
  title = {{Borderline-SMOTE: A new over-sampling method in imbalanced data sets learning}},
  volume = {3644},
  year = {2005}
}

@article{Douzas2019,
  author = {Douzas, Georgios and Bacao, Fernando},
  doi = {10.1016/j.ins.2019.06.007},
  issn = {00200255},
  journal = {Information Sciences},
  keywords = {Classification,Data generation,Imbalanced learning,Oversampling,SMOTE,Supervised learning},
  pages = {118--135},
  publisher = {Elsevier Inc.},
  title = {{Geometric SMOTE a geometrically enhanced drop-in replacement for SMOTE}},
  url = {https://doi.org/10.1016/j.ins.2019.06.007},
  volume = {501},
  year = {2019}
}

@article{Fonseca2021active,
  author = {Fonseca, Joao and Douzas, Georgios and Bacao, Fernando},
  doi = {10.3390/RS13132619},
  journal = {Remote Sensing 2021, Vol. 13, Page 2619},
  keywords = {SMOTE,active learning,artificial data generation,land use/land cover classification,oversampling},
  month = {jul},
  number = {13},
  pages = {2619},
  publisher = {Multidisciplinary Digital Publishing Institute},
  title = {{Increasing the Effectiveness of Active Learning: Introducing Artificial Data Generation in Active Learning for Land Use/Land Cover Classification}},
  url = {https://www.mdpi.com/2072-4292/13/13/2619/htm https://www.mdpi.com/2072-4292/13/13/2619},
  volume = {13},
  year = {2021}
}

@inproceedings{Chu2020,
  title={Feature space augmentation for long-tailed data},
  author={Chu, Peng and Bian, Xiao and Liu, Shaopeng and Ling, Haibin},
  booktitle={Computer Vision--ECCV 2020: 16th European Conference, Glasgow, UK, August 23--28, 2020, Proceedings, Part XXIX 16},
  pages={694--710},
  year={2020},
  organization={Springer}
}

@article{Antoniou2017,
  title={Data augmentation generative adversarial networks},
  author={Antoniou, Antreas and Storkey, Amos and Edwards, Harrison},
  journal={arXiv preprint arXiv:1711.04340},
  year={2017}
}

@article{Goodfellow2014,
  title={Generative adversarial nets},
  author={Goodfellow, Ian and Pouget-Abadie, Jean and Mirza, Mehdi and Xu, Bing and Warde-Farley, David and Ozair, Sherjil and Courville, Aaron and Bengio, Yoshua},
  journal={Advances in neural information processing systems},
  volume={27},
  year={2014}
}

@article{Kramer1991,
  author = {Kramer, Mark A.},
  doi = {10.1002/aic.690370209},
  issn = {15475905},
  journal = {AIChE Journal},
  month = {feb},
  number = {2},
  pages = {233--243},
  publisher = {John Wiley & Sons, Ltd},
  title = {{Nonlinear principal component analysis using autoassociative neural networks}},
  url = {https://aiche.onlinelibrary.wiley.com/doi/full/10.1002/aic.690370209 https://aiche.onlinelibrary.wiley.com/doi/abs/10.1002/aic.690370209 https://aiche.onlinelibrary.wiley.com/doi/10.1002/aic.690370209},
  volume = {37},
  year = {1991}
}

@article{Chun2020,
  title={An empirical evaluation on robustness and uncertainty of regularization methods},
  author={Chun, Sanghyuk and Oh, Seong Joon and Yun, Sangdoo and Han, Dongyoon and Choe, Junsuk and Yoo, Youngjoon},
  journal={arXiv preprint arXiv:2003.03879},
  year={2020}
}

@article{Xie2021,
  title={Artificial neural variability for deep learning: On overfitting, noise memorization, and catastrophic forgetting},
  author={Xie, Zeke and He, Fengxiang and Fu, Shaopeng and Sato, Issei and Tao, Dacheng and Sugiyama, Masashi},
  journal={Neural computation},
  volume={33},
  number={8},
  pages={2163--2192},
  year={2021},
  publisher={MIT Press One Rogers Street, Cambridge, MA 02142-1209, USA journals-info~‚Ä¶}
}

@inproceedings{Behpour2019,
  title={Ada: Adversarial data augmentation for object detection},
  author={Behpour, Sima and Kitani, Kris M and Ziebart, Brian D},
  booktitle={2019 IEEE Winter Conference on Applications of Computer Vision (WACV)},
  pages={1243--1252},
  year={2019},
  organization={IEEE}
}

