@article{Pedregosa2011,
    author = {Pedregosa, Fabian and Varoquaux, Ga{\"{e}}l and Gramfort, Alexandre and Michel, Vincent and Thirion, Bertrand and Grisel, Olivier and Blondel, Mathieu and Prettenhofer, Peter and Weiss, Ron and Dubourg, Vincent and Vanderplas, Jake and Passos, Alexandre and Cournapeau, David and Brucher, Matthieu and Perrot, Matthieu and Duchesnay, {\'{E}}douard},
    issn = {ISSN 1533-7928},
    journal = {Journal of Machine Learning Research},
    number = {Oct},
    pages = {2825--2830},
    title = {{Scikit-learn: Machine Learning in Python}},
    url = {http://jmlr.csail.mit.edu/papers/v12/pedregosa11a.html},
    volume = {12},
    year = {2011}
}

@inproceedings{Rehurek2010,
   title = {{Software Framework for Topic Modelling with Large Corpora}},
   author = {Radim {\v R}eh{\r u}{\v r}ek and Petr Sojka},
   booktitle = {{Proceedings of the LREC 2010 Workshop on New
        Challenges for NLP Frameworks}},
   pages = {45--50},
   year = 2010,
   month = May,
   day = 22,
   publisher = {ELRA},
   address = {Valletta, Malta},
   note={\url{http://is.muni.cz/publication/884893/en}},
   language={English}
}

@article{Mcinnes2018,
  title={UMAP: Uniform Manifold Approximation and Projection},
  author={McInnes, Leland and Healy, John and Saul, Nathaniel and Grossberger, Lukas},
  journal={The Journal of Open Source Software},
  volume={3},
  number={29},
  pages={861},
  year={2018}
}

@inproceedings{Hagberg2008,
  address = {Pasadena, CA USA},
  author = {Hagberg, Aric A and Schult, Daniel A and Swart, Pieter J},
  booktitle = {Proceedings of the 7th Python in Science Conference},
  editor = {Varoquaux, Ga{\"{e}}l and Vaught, Travis and Millman, Jarrod},
  pages = {11--15},
  title = {{Exploring Network Structure, Dynamics, and Function using NetworkX}},
  year = {2008}
}

@inproceedings{Bastian2009,
  title={Gephi: an open source software for exploring and manipulating networks},
  author={Bastian, Mathieu and Heymann, Sebastien and Jacomy, Mathieu},
  booktitle={Proceedings of the International AAAI Conference on Web and Social Media},
  volume={3},
  number={1},
  year={2009},
  url = {http://www.aaai.org/ocs/index.php/ICWSM/09/paper/view/154}
}

@article{Paskin1999,  
    author={Paskin, N.},  
    journal={Proceedings of the IEEE},   
    title={Toward unique identifiers},   
    year={1999},  
    volume={87},  
    number={7},  
    pages={1208-1227},  
    keywords={},  
    doi={10.1109/5.771073},  
    ISSN={1558-2256},  
    month={July}
}

@article{Clauset2004,
  title = {Finding community structure in very large networks},
  author = {Clauset, Aaron and Newman, M. E. J. and Moore, Cristopher},
  journal = {Phys. Rev. E},
  volume = {70},
  issue = {6},
  pages = {066111},
  numpages = {6},
  year = {2004},
  month = {Dec},
  publisher = {American Physical Society},
  doi = {10.1103/PhysRevE.70.066111},
  url = {https://link.aps.org/doi/10.1103/PhysRevE.70.066111}
}

@article{Pritchard2000,
  author = {Pritchard, Jonathan K and Stephens, Matthew and Donnelly, Peter},
  doi = {10.1093/genetics/155.2.945},
  file = {::},
  issn = {00166731},
  journal = {Genetics},
  number = {2},
  pages = {945--959},
  pmid = {10835412},
  title = {{Inference of population structure using multilocus genotype data}},
  url = {http://www.stats.ox.ac.uk/pritch/home.html.},
  volume = {155},
  year = {2000}
}

@inproceedings{Le2014,
  archivePrefix = {arXiv},
  author = {Le, Quoc and Mikolov, Tomas},
  booktitle = {31st International Conference on Machine Learning, ICML 2014},
  eprint = {1405.4053},
  file = {::},
  isbn = {9781634393973},
  month = {may},
  pages = {2931--2939},
  publisher = {International Machine Learning Society (IMLS)},
  title = {{Distributed representations of sentences and documents}},
  url = {http://arxiv.org/abs/1405.4053},
  volume = {4},
  year = {2014}
}

@inproceedings{Redmon2015,
  archivePrefix = {arXiv},
  author = {Redmon, Joseph and Divvala, Santosh and Girshick, Ross and Farhadi, Ali},
  booktitle = {Proceedings of the IEEE Computer Society Conference on Computer Vision and Pattern Recognition},
  doi = {10.1109/CVPR.2016.91},
  eprint = {1506.02640},
  file = {::},
  isbn = {9781467388504},
  issn = {10636919},
  month = {jun},
  pages = {779--788},
  publisher = {IEEE Computer Society},
  title = {{You only look once: Unified, real-time object detection}},
  url = {http://arxiv.org/abs/1506.02640},
  volume = {2016-Decem},
  year = {2016}
}

@article{Shorten2019,
  author = {Shorten, Connor and Khoshgoftaar, Taghi M.},
  doi = {10.1186/s40537-019-0197-0},
  issn = {21961115},
  journal = {Journal of Big Data},
  keywords = {Big data,Data Augmentation,Deep Learning,GANs,Image data},
  month = {dec},
  number = {1},
  pages = {1--48},
  publisher = {SpringerOpen},
  title = {{A survey on Image Data Augmentation for Deep Learning}},
  url = {https://doi.org/10.1186/s40537-019-0197-0},
  volume = {6},
  year = {2019}
}

@inproceedings{Cicalese2020,
  archivePrefix = {arXiv},
  author = {Cicalese, Pietro Antonio and Mobiny, Aryan and Yuan, Pengyu and Becker, Jan and Mohan, Chandra and Nguyen, Hien Van},
  booktitle = {Lecture Notes in Computer Science (including subseries Lecture Notes in Artificial Intelligence and Lecture Notes in Bioinformatics)},
  doi = {10.1007/978-3-030-59722-1_34},
  eprint = {2007.05008},
  isbn = {9783030597214},
  issn = {16113349},
  keywords = {CNN classifier,Data augmentation,Inter-observer agreement,Pathology,Style-transfer},
  month = {oct},
  pages = {351--361},
  publisher = {Springer Science and Business Media Deutschland GmbH},
  title = {{StyPath: Style-Transfer Data Augmentation for Robust Histology Image Classification}},
  url = {https://doi.org/10.1007/978-3-030-59722-1_34},
  volume = {12265 LNCS},
  year = {2020}
}
